

@Thesis{Noumea_2005,
  Title                    = {Atlas des récifs coralliens de Polynésie française},
  Author                   = {S. Andréfouët and C. Chauvin and Spraggins S. and Torres-Pulliza D and Kranenburg C},
  Year                     = {2005},
  Pages                    = {19-22}
}

@Thesis{Mustiere2001,
  Title                    = {Apprentissage supervisé pour la généralisation cartographique},
  Author                   = {Sebastien Mustière},
  School                   = {Université Paris 6, France},
  Year                     = {2001},
  Type                     = {Thèse de doctorat, spécialité informatique}
}

@Thesis{Dumont2018,
  Title                    = {Généralisation de représentations intermédiaires dans une carte topographique multi-échelle pour faciliter la navigation de l’utilisateur},
  Author                   = {Marion Dumont},
  School                   = {Université Paris-Est},
  Year                     = {2018},
  Type                     = {Thèse de doctorat, spécialité informatique}
}

@Thesis{Duchene2022,
  Title                    = {Analyse spatiale - Approche géométrique},
  Author                   = {Cécile Duchêne},
  School                   = {ENSG-Géomatique},
  Year                     = {2022},
  Type                     = {Support de cours théorique avec exercices, p°42}
}


@Electronic{arcgis,
  Title                    = {Vue d'ensemble des outils de généralisation - ArcGIS PRO},
  Author                   = {ArcGIS PRO},
  Organization             = {ArcGIS PRO},
  Url                      = {https://pro.arcgis.com/fr/pro-app/latest/tool-reference/cartography/an-overview-of-the-generalization-toolset.htm}

}

@Electronic{lavenu,
  Title                    = {Afficher vos photos en pièces jointes dans vos fenêtres contextuelles},
  Author                   = {Gaëtan Lavenu},
  Year                     = {2019},
  Organization             = {Arcorama},
  Url                      = {https://www.arcorama.fr/2019/04/conseils-astuces-arcgis-online-n117.html}

}

@Electronic{sherbend,
  Title                    = {SherbendGeneralizer Example},
  Author                   = {FME Community},
  Year                     = {2020},
  Organization             = {FME Community},
  Url                      = {https://community.safe.com/s/article/sherbendgeneralizer-example}

}

@Article{Ratajski_1967,
  Title                    = {Phénomènes des points de généralisation},
  Author                   = {Ratajski, L.},
  Journal                  = {International Yearbook of Cartography},
  Year                     = {1967},
  Pages                    = {143-152},
  Volume                   = {7},
}

